<?xml version="1.0" encoding="UTF-8"?><collection xmlns="http://www.loc.gov/MARC21/slim"><record><leader>00532nam--2200157-i-4500</leader><controlfield tag="001">000004935</controlfield><controlfield tag="002">20161230</controlfield><controlfield tag="005">20170207000115</controlfield><controlfield tag="008">060222s1000------------r-----000-0-eng-d</controlfield><datafield ind1=" " ind2=" " tag="100"><subfield code="a">Butta, Enzo</subfield></datafield><datafield ind1=" " ind2=" " tag="245"><subfield code="a">Sulle modificazioni della struttura e delle pr oprieta meccaniche del politene indotte dalle radiazioni atomiche</subfield></datafield><datafield ind1=" " ind2=" " tag="260"><subfield code="a">Pisa</subfield><subfield code="b">Bibl.Centrale Della Facolta</subfield><subfield code="c">1958</subfield></datafield><datafield ind1=" " ind2=" " tag="300"><subfield code="a">10 p</subfield></datafield><datafield ind1=" " ind2=" " tag="490"><subfield code="a">Pubblicazioni Della Facolta D Ingegneria Dell Universita Di Pisa</subfield></datafield><datafield ind1=" " ind2=" " tag="700"><subfield code="a">Baccaredda, M</subfield></datafield><datafield ind1=" " ind2=" " tag="CAT"><subfield code="a">SYS</subfield><subfield code="c">20170207</subfield><subfield code="h">000115</subfield></datafield></record></collection>